@Manual[Ada,
   Key=<Ada>,
   Title=<Reference Manual For the Ada Programming Language>,
   Year=<1983>,
   Note=<Ansi/Mil-Std 1815 A>,
   Organization=<United States Department of Defense>
   ]

@Manual[C,
   Key=<Kernighan and Ritchie>,
   Title=<The C Programming Language>,
   Year=<1978>,
   Author=<Kernighan and Ritchie>,
   Organization=<Bell Laboratories>
   ]

@Manual[CLU,
   Key=<Liskov>,
   Title=<CLU Reference Manual>,
   Year=<1981>,
   Author=<Liskov et. al.>,
   Note=<Volume 114 of the Springer Verlag Lecture Notes in Computer Science>
   ]

@Manual[Common-LISP,
   Key=<Steele>,
   Title=<Common LISP: The Language>,
   Year=<1984>,
   Author=<Guy Steele Jr.>,
   Organization=<Digital Press>
   ]

@Manual[Mesa,
   Key=<Mitchell>,
   Title=<Mesa Language Manual>,
   Year=<1979>,
   Author=<Mitchell, Maybury, Sweet>,
   Edition=<Fifth>,
   Organization=<XEROX PARC>
   ]

@Manual[Scheme,
   Key=<Abelson and Sussman>,
   Title=<Scheme Manual>,
   Year=<1984>,
   Author=<Abelson and Sussman>,
   Edition=<Seventh>
   ]

@Manual[LispMachine,
   Key=<Weinreb and Moon>,
   Title=<Lisp Machine Manual>,
   Year=<1981>,
   Author=<Weinreb and Moon>,
   Edition=<Fourth>,
   Organization=<Massachusetts Institute of Technology>
   ]

@TechReport[Lint,
   Key=<Johnson>,
   Author=<Johnson>,
   Institution=<Bell Laboratories>,
   Title=<Lint, a C Program Checker>,
   Year=<1978>,
   Month=<July>,
   Address=<Murray Hill, New Jersey 07974>
   ]

@Article[Make,
   Key=<Feldman>,
   Author=<Feldman>,
   Journal=<Software - Practice and Experience>,
   Title=<Make - A Program for Maintaining Computer Programs>,
   Year=<1979>,
   Month=<March>,
   Pages=<pp. 255-265>,
   Volume=<9>,
   Number=<3>
   ]

@TechReport[RCS,
   Key=<Tichy>,
   Author=<Tichy>,
   Institution=<Purdue University>,
   Title=<RCS - A System for Version Control>,
   Year=<1984>,
   Month=<March>,
   Number=<CSD-TR-474>
   ]

@Article[SCCS,
   Key=<Rochkind>,
   Author=<Rochkind>,
   Journal=<IEEE Transactions on Software Engineering>,
   Title=<The Source Code Control System>,
   Year=<1975>,
   Month=<December>,
   Pages=<pp 364-370>,
   Volume=<1>,
   Number=<4>
   ]

@Manual[Scribe,
   Key=<Reid>,
   Title=<SCRIBE Introductory User's Manual>,
   Year=<1980>,
   Author=<Reid and Walker>,
   Edition=<Third>
   ]

@InProceedings[SMF,
   Key=<Cristofor, et. al.>,
   Author=<Cristofor, Wendt, and Wonsiewicz>,
   BookTitle=<Proceedings of the Fourth Computer Software and
Applications Conference>,
   Organization=<IEEE>,
   Title=<Source Control + Tools = Stable Systems>,
   Year=<1980>,
   Month=<October>,
   Pages=<pp. 527-532>
   ]

@TechReport[YACC,
   Key=<Johnson>,
   Author=<Johnson>,
   Institution=<Bell Laboratories>,
   Title=<YACC - Yet Another Compiler Compiler>,
   Year=<1978>,
   Address=<Murray Hill, New Jersey 07974>
   ]

@PhDThesis[Cooprider,
   Key=<Cooprider>,
   Author=<Cooprider>,
   School=<Carnegie-Mellon University>,
   Title=<The Representation of Families of Software Systems>,
   Year=<1979>,
   Month=<April>
   ]

@PhDThesis[Schmidt,
   Key=<Schmidt>,
   Author=<Schmidt>,
   School=<University of California Berkeley>,
   Title=<Controlling Large Software Development In a Distributed Environment>,
   Year=<1982>,
   Month=<December>,
   Note=<This thesis is available as XEROX PARC Technical Report CSL-82-7.>
   ]

@PhDThesis[Tichy,
   Key=<Tichy>,
   Author=<Tichy>,
   School=<Carnegie-Mellon University>,
   Title=<Software Development Control Based on System Structure Description>,
   Year=<1980>,
   Month=<January>
   ]

@PhDThesis[Thomas,
   Key=<Thomas>,
   Author=<Thomas>,
   School=<Brown University>,
   Title=<Module Interconnection in Programming Systems Supporting Abstraction>,
   Year=<1976>
   ]

@Article[DeRemer,
   Key=<DeRemer and Kron>,
   Author=<DeRemer and Kron>,
   Journal=<IEEE Transactions on Software Engineering>,
   Title=<Programming-in-the-Large Versus Programming-in-the-Small>,
   Year=<1976>,
   Month=<June>,
   Pages=<80-86>,
   Volume=<SE-2>,
   Number=<2>
   ]

@Article[Ince,
   Key=<Ince>,
   Author=<Ince>,
   Journal=<SIGPLAN Notices>,
   Title=<A Compatibility Software Tool For Use With Separately
Compiled Languages>, 
   Year=<1983>,
   Month=<September>,
   Pages=<pp. 31-34>,
   Volume=<18>,
   Number=<9>
   ]

@InProceedings[Pilot,
   Key=<Horsley and Lynch>,
   Author=<Horsley and Lynch>,
   BookTitle=<Proceedings of the 4th International Conference on
Software Engineering>,
   Organization=<IEEE>,
   Title=<Pilot: A Software Engineering Case Study>,
   Year=<1979>,
   Month=<September>,
   Pages=<94-99>
   ]

@InProceedings[DF,
   Key=<Lewis>,
   Author=<Lewis>,
   BookTitle=<Proceedings of the Symposium on Application and
Assessment of Automated Tools for Software Development>,
   Organization=<IEEE>,
   Title=<Experience With A System For Controlling Software Versions
In A Distributed Environment>,
   Year=<1983>,
   Month=<November>,
   Pages=<210-219>
   ]

@InProceedings[QLISP,
   Key=<Gabriel and McCarthy>,
   Author=<Gabriel and McCarthy>,
   BookTitle=<ACM Symposium on Lisp and Functional Programming>,
   Organization=<ACM>,
   Title=<Queue-based Multi-processing Lisp>,
   Year=<1984>,
   Month=<August>,
   Pages=<25-43>
   ]

@InProceedings[MultiLisp-1,
   Key=<Halstead>,
   Author=<Halstead>,
   BookTitle=<ACM Symposium on Lisp and Functional Programming>,
   Organization=<ACM>,
   Title=<Implementation of Multilisp: Lisp on a Multiprocessor>,
   Year=<1984>,
   Month=<August>,
   Pages=<9-17>
   ]

@Article[Multilisp-2,
   Key=<Halstead>,
   Author=<Halstead>,
   Journal=<Submitted to ACM Transactions on Programming Languages
and Systems>,
   Title=<Multilisp: A Language for Concurrent Symbolic Computation>,
   Year=<1984>,
   Volume=<?>
   ]

@Book[Allen,
   Key=<Allen>,
   Author=<Allen>,
   Publisher=<McGraw-Hill>,
   Title=<The Anatomy of Lisp>,
   Year=<1978>,
   ]

@TechReport[Baker,
   Key=<Baker and Hewitt>,
   Author=<Baker and Hewitt>,
   Institution=<MIT Artificial Intelligence Laboratory>,
   Title=<The Incremental Garbage Collection of Processes>,
   Year=<1977>,
   Month=<December>,
   Number=<AI Memo 454>
   ]

@TechReport[control-structures,
   Key=<Hewitt>,
   Author=<Hewitt>,
   Institution=<MIT Artificial Intelligence Laboratory>,
   Title=<Viewing Control Structures as Patterns of Passing Messages>,
   Year=<1976>,
   Month=<April>,
   Number=<AI Memo 410>
   ]

@TechReport[shared-resources,
   Key=<Hewitt et al>,
   Author=<Hewitt, Reinhardt, Agha and Attardi>,
   Institution=<MIT Artificial Intelligence Laboratory>,
   Title=<Linguistic Support of Receptionists for Shared Resources>,
   Year=<1984>
   ]

@TechReport[ACT2,
   Key=<Theriault>,
   Author=<Theriault>,
   Institution=<MIT Artificial Intelligence Laboratory>,
   Title=<Issues in the Design and Implementation of Act2>,
   Year=<1983>,
   Month=<June>,
   Number=<728>
   ]

@TechReport[agha,
   Key=<Agha>,
   Author=<Agha, Hewitt, and Reinhardt>,
   Institution=<MIT Artificial Intelligence Laboratory>,
   Title=<Abstraction, Compositionality, and Referential Transparency
in Concurrent Programming: Extended Summary>,
   Year=<1984>,
   Month=<September>
   ]

@TechReport[Pitman,
   Key=<Pitman>,
   Author=<Pitman>,
   Institution=<MIT Artificial Intelligence Laboratory>,
   Title=<The Description Of Large Systems>,
   Year=<1984>,
   Number=<AI Memo 801>
   ]
